%Kirkpatrick K.Software-defined networking[J].Communications of the ACM,2013,56(9):16-19.
@article{Software-defined_networking,
author = {Kirkpatrick K},
title = {Software-defined networking},
usera = {J},
translator = {Communications of the ACM},
year = {2013},
volume = {56},
number = {9},
pages = {16-19}
}

%Raychaudhuri D,Nagaraja K,Venkataramani A.Mobilityfirst:a robust and trustworthy mobility-centric architecture for the future internet[J].ACM SIGMOBILE Mobile Computing and Communications Review,2012,16(3):2-13.
@article{Mobilityfirst:a_robust_and_trustworthy_mobility-centric_architecture_for_the_future_internet,
author = {Raychaudhuri D and Nagaraja K and Venkataramani A},
title = {Mobilityfirst:a robust and trustworthy mobility-centric architecture for the future internet},
usera = {J},
translator = {ACM SIGMOBILE Mobile Computing and Communications Review},
year = {2012},
volume = {16},
number = {3},
pages = {2-13}
}

